@book{book,
	title     = {Introduction to Machine Learning and Data Mining},
	author    = {Herlau, Tue and Schmidt, Mikkel N. and M{\o}rup, Morten},
	year      = {2023},
	publisher = {Technical University of Denmark (DTU)},
	note      = {Lecture notes, Fall 2023, version 1.0. This document may not be redistributed. All rights belong to the authors and DTU.},
	address   = {Lyngby, Denmark}
}

@misc{dataset,
	author       = {German, B.},
	title        = {{Glass Identification}},
	year         = {1987},
	howpublished = {UCI Machine Learning Repository},
	note         = {{DOI}: https://doi.org/10.24432/C5WW2P}
}




