@book{book,
	title     = {Introduction to Machine Learning and Data Mining},
	author    = {Herlau, Tue and Schmidt, Mikkel N. and M{\o}rup, Morten},
	year      = {2023},
	publisher = {Technical University of Denmark (DTU)},
	note      = {Lecture notes, Fall 2023, version 1.0. This document may not be redistributed. All rights belong to the authors and DTU.},
	address   = {Lyngby, Denmark}
}

@misc{dataset,
	author       = {German, B.},
	title        = {{Glass Identification}},
	year         = {1987},
	howpublished = {UCI Machine Learning Repository},
	note         = {{DOI}: https://doi.org/10.24432/C5WW2P}
}

@article{zhou,
	author = {Zhou, Jiasheng and Fan, Zhihong and Zhang, Wenxin},
	year = {2023},
	month = {04},
	pages = {863-871},
	title = {Research on Glass Classification and Identification based on Machine Learning and Monte Carlo Algorithm},
	volume = {39},
	journal = {Highlights in Science, Engineering and Technology},
	doi = {10.54097/hset.v39i.6657}
}

@article{bhowmick,
	author = {Bhowmick, Sandipan and Saha, Ashim},
	title = {Enhancing the performance of kNN for glass identification dataset using inverse distance weight, ReliefF ranking and SMOTE},
	journal = {AIP Conference Proceedings},
	volume = {2754},
	number = {1},
	pages = {020021},
	year = {2023},
	month = {09},
	issn = {0094-243X},
	doi = {10.1063/5.0161083},
	url = {https://doi.org/10.1063/5.0161083},
	eprint = {https://pubs.aip.org/aip/acp/article-pdf/doi/10.1063/5.0161083/18110943/020021_1_5.0161083.pdf},
}



